
@INPROCEEDINGS{472412, 
author={Youran Lan and Ting Yu}, 
booktitle={Computers and Communications, 1995., Conference Proceedings of the 1995 IEEE Fourteenth Annual International Phoenix Conference on}, 
title={A dynamic central scheduler load balancing mechanism}, 
year={1995}, 
pages={734-740}, 
keywords={distributed processing;performance evaluation;resource allocation;distributed systems;dynamic central scheduler load balancing mechanism;network traffic overhead;system performance;timer;Computer science;Delay;Dynamic scheduling;Job design;Load management;Processor scheduling;System performance;Telecommunication traffic;Time measurement;Traffic control}, 
doi={10.1109/PCCC.1995.472412}, 
month={Mar},}

@INPROCEEDINGS{1039771, 
author={Arora, M. and Das, S.K. and Biswas, R.}, 
booktitle={Parallel Processing Workshops, 2002. Proceedings. International Conference on}, 
title={A de-centralized scheduling and load balancing algorithm for heterogeneous grid environments}, 
year={2002}, 
pages={499-505}, 
keywords={distributed processing;processor scheduling;resource allocation;workstation clusters;Grid environment;MPI paradigm;Message Passing Interface;centralized approach;decentralized load balancing algorithm;decentralized scheduling algorithm;heterogeneous grid environments;locally distributed multiprocessor systems;node coordination;scalable algorithm;Clocks;Computational modeling;Computer science;Load management;Message passing;Multiprocessing systems;NASA;Processor scheduling;Resource management;Scheduling algorithm}, 
doi={10.1109/ICPPW.2002.1039771}, 
ISSN={1530-2016}, 
month={},}

@inproceedings{Anshelevich:2002:SLB:509907.509968,
 author = {Anshelevich, Elliot and Kempe, David and Kleinberg, Jon},
 title = {Stability of Load Balancing Algorithms in Dynamic Adversarial Systems},
 booktitle = {Proceedings of the Thiry-fourth Annual ACM Symposium on Theory of Computing},
 series = {STOC '02},
 year = {2002},
 isbn = {1-58113-495-9},
 location = {Montreal, Quebec, Canada},
 pages = {399--406},
 numpages = {8},
 url = {http://doi.acm.org/10.1145/509907.509968},
 doi = {10.1145/509907.509968},
 acmid = {509968},
 publisher = {ACM},
 address = {New York, NY, USA},
}

@ARTICLE{1702040, 
author={Ni, L.M. and Kai Hwang}, 
journal={Software Engineering, IEEE Transactions on}, 
title={Optimal Load Balancing in a Multiple Processor System with Many Job Classes}, 
year={1985}, 
volume={SE-11}, 
number={5}, 
pages={491-496}, 
keywords={Job response time;M/M/1 queue;job scheduling;load balancing;multiple processor system;nonlinear programming;probabilistic scheduling;Computer science;Delay;Dynamic scheduling;Linear programming;Load management;Multiprocessing systems;Processor scheduling;Resource management;System performance;Throughput;Job response time;M/M/1 queue;job scheduling;load balancing;multiple processor system;nonlinear programming;probabilistic scheduling}, 
doi={10.1109/TSE.1985.232489}, 
ISSN={0098-5589}, 
month={May},}

@ARTICLE{6176, 
author={Zhou, S.}, 
journal={Software Engineering, IEEE Transactions on}, 
title={A trace-driven simulation study of dynamic load balancing}, 
year={1988}, 
volume={14}, 
number={9}, 
pages={1327-1341}, 
keywords={distributed databases;input-output programs;scheduling;CPU;broadcasting;dynamic load balancing;homogeneous distributed systems;input/output;job response times;job transfer;message exchange;scheduling;trace-driven simulation;Broadcasting;Computational modeling;Computer networks;Computer science;Costs;Delay;Hardware;Job production systems;Load management;Processor scheduling}, 
doi={10.1109/32.6176}, 
ISSN={0098-5589}, 
month={Sep},}

@ARTICLE{121756, 
author={Lin, H.-C. and Raghavendra, C.S.}, 
journal={Software Engineering, IEEE Transactions on}, 
title={A dynamic load-balancing policy with a central job dispatcher (LBC)}, 
year={1992}, 
volume={18}, 
number={2}, 
pages={148-158}, 
keywords={distributed processing;operating systems (computers);queueing theory;LBC policy;average job response time;central job dispatcher;communication delay;distributed systems;dynamic load-balancing policy;heterogeneous load;high-speed communication subnets;information exchanges;near-minimum average job response time;nonnegligible job transfer delays;single-queue multiserver queueing system;Communication networks;Computer networks;Delay effects;Delay estimation;Distributed computing;Load management;Time factors;Time measurement}, 
doi={10.1109/32.121756}, 
ISSN={0098-5589}, 
month={Feb},}

@ARTICLE{1675365, 
author={Yuan-Chieh Chow and Kohler, Walter H.}, 
journal={Computers, IEEE Transactions on}, 
title={Models for Dynamic Load Balancing in a Heterogeneous Multiple Processor System}, 
year={1979}, 
volume={C-28}, 
number={5}, 
pages={354-361}, 
keywords={Job routing;load balancing;multiple processor system;performance analysis;queueing models.;Distributed computing;Job design;Load management;Load modeling;Performance analysis;Power system modeling;Processor scheduling;Queueing analysis;Routing;Throughput;Job routing;load balancing;multiple processor system;performance analysis;queueing models.}, 
doi={10.1109/TC.1979.1675365}, 
ISSN={0018-9340}, 
month={May},}

@article{alakeel2010guide,
  title={A guide to dynamic load balancing in distributed computer systems},
  author={Alakeel, Ali M},
  journal={International Journal of Computer Science and Network Security (IJCSNS)},
  volume={10},
  number={6},
  pages={153--160},
  year={2010},
  publisher={Citeseer}
}